@article{vaswani2017attention,
  title={Attention is all you need},
  author={Vaswani, Ashish and Shazeer, Noam and Parmar, Niki and Uszkoreit, Jakob and Jones, Llion and Gomez, Aidan N and Kaiser, {\L}ukasz and Polosukhin, Illia},
  journal={Advances in neural information processing systems},
  volume={30},
  year={2017}
}

@book{myerson1991game,
  title={Game theory: Analysis of conflict},
  author={Myerson, Roger B},
  year={1991},
  publisher={Harvard university press}
}

@article{berry1984geometrical,
  title={Quantal phase factors accompanying adiabatic changes},
  author={Berry, Michael V},
  journal={Proceedings of the Royal Society of London. A. Mathematical and Physical Sciences},
  volume={392},
  number={1802},
  pages={45--57},
  year={1984},
  publisher={The Royal Society London}
}

@book{fudenberg1991game,
  title={Game theory},
  author={Fudenberg, Drew and Tirole, Jean},
  year={1991},
  publisher={MIT press}
}

@article{angrist2009mostly,
  title={Mostly harmless econometrics: An empiricist's companion},
  author={Angrist, Joshua D and Pischke, J{\"o}rn-Steffen},
  year={2009},
  publisher={Princeton university press}
}

@article{zeckendorf1972theorem,
  title={A generalized Fibonacci numeration},
  author={Zeckendorf, Edouard},
  journal={Fibonacci Quarterly},
  volume={10},
  number={4},
  pages={365--372},
  year={1972}
}

@book{hardy1938introduction,
  title={An introduction to the theory of numbers},
  author={Hardy, Godfrey Harold and Wright, Edward Maitland},
  year={1938},
  publisher={Oxford university press}
}

@article{mckelvey1995quantal,
  title={Quantal response equilibria for normal form games},
  author={McKelvey, Richard D and Palfrey, Thomas R},
  journal={Games and economic behavior},
  volume={10},
  number={1},
  pages={6--38},
  year={1995},
  publisher={Elsevier}
}

@book{mas1995microeconomic,
  title={Microeconomic theory},
  author={Mas-Colell, Andreu and Whinston, Michael Dennis and Green, Jerry R},
  volume={1},
  year={1995},
  publisher={Oxford university press New York}
}

@article{livio2002golden,
  title={The golden ratio: The story of phi, the world's most astonishing number},
  author={Livio, Mario},
  year={2002},
  publisher={Broadway Books}
}

@book{wooldridge2010econometric,
  title={Econometric analysis of cross section and panel data},
  author={Wooldridge, Jeffrey M},
  year={2010},
  publisher={MIT press}
}

@article{gu2021mamba,
  title={Efficiently modeling long sequences with structured state spaces},
  author={Gu, Albert and Dao, Tri and Ermon, Stefano and Rudra, Atri and R{\'e}, Christopher},
  journal={arXiv preprint arXiv:2111.00396},
  year={2021}
}

@article{shapiro2007adiabatic,
  title={Classical vertical adiabatic angle and Berry phase},
  author={Shapiro, M and Wilczek, Frank},
  journal={Physical review letters},
  volume={98},
  number={11},
  pages={110402},
  year={2007},
  publisher={APS}
}

@book{osborne1994course,
  title={A course in game theory},
  author={Osborne, Martin J and Rubinstein, Ariel},
  year={1994},
  publisher={MIT press}
}

@article{card1994minimum,
  title={Minimum wages and employment: A case study of the fast food industry in New Jersey and Pennsylvania},
  author={Card, David and Krueger, Alan B},
  journal={American Economic Review},
  volume={84},
  number={4},
  pages={772--793},
  year={1994}
}

@book{knuth1997art,
  title={The art of computer programming},
  author={Knuth, Donald Ervin},
  volume={1},
  year={1997},
  publisher={Pearson Education}
}

@article{cramer2011retrocausality,
  title={The transactional interpretation of quantum mechanics},
  author={Cramer, John G},
  journal={Reviews of Modern Physics},
  volume={58},
  number={3},
  pages={647},
  year={1986},
  publisher={APS}
}

@book{penrose1989emperor,
  title={The emperor's new mind: Concerning computers, minds, and the laws of physics},
  author={Penrose, Roger},
  year={1989},
  publisher={Oxford University Press}
}

@article{dunne1978golden,
  title={Fibonacci and Lucas numbers in teaching and research},
  author={Dunlap, Richard A},
  journal={Journal of Mathematics and Science Teaching},
  volume={3},
  pages={45--67},
  year={1997}
}

@article{laibson1997golden,
  title={Golden eggs and hyperbolic discounting},
  author={Laibson, David},
  journal={The Quarterly Journal of Economics},
  volume={112},
  number={2},
  pages={443--478},
  year={1997},
  publisher={MIT Press}
}